%% NOTA: em vez de usar as letras e vogais com acento ou sinais gr\'aficos (como o c cedilhado -- \c c), algo normal agora no texto em LaTeX, use aqui suas formas no padrão LaTeX, p. ex.:
%% \'a = a agudo (mesmo para outras vogais)
%% \^a = a circunflexo  
%% \`a = a craseado
%% \"a = a tremado
%% {\c c} = c cedilhado
%% Isto ainda é necessário para evitar inconsistências na geração da lista de referências bibliográficas.

@string{cs =      "Complex Systems"}
@string{pl =      "Physics Letters"}
@string{prl =     "Physical Review Letters"}
@string{pra =     "Physical Review A"}
@string{pla =     "Physics Letters A"}
@string{pre =     "Physical Review E"}
@string{pd =      "Physica D"}
@string{jcsc =    "Journal of Circuits, Systems and Computers"}
@string{jsv =     "Journal of Sound and Vibration"}
@string{ijbc =    "International Journal of Bifurcation and Chaos"}
@string{ijc =     "International Journal of Control"}
@string{ieeecas = "IEEE Transactions on Circuits and Systems"}
@string{jrssb =   "Journal of the Royal Statistical Society B"}
@string{n =       "Nature"}
@string{zn =      "Z. Naturforsch"}
@string{jfi =     "Zeitschrift fuer Naturforschung A"}


@MISC{iag/05,
   organization = {Large scale biosphere atmosphere experiment in Amazonia (LBA)},
   title = {},
   year = {2005},
   url = { http://www.lba.iag.usp.br/ },
   urlaccessdate = { 20 maio 2005 },
}

@MISC{lba/06,
   organization = {Large Scale Biosphere Atmosphere Experiment in Amazonia (LBA)},
   title = {},  
   year = {2006},
   url = { http://lba.cptec.inpe.br/lba },
   urlaccessdate = { 31 de janeiro 2006 },
}

@ARTICLE{nobre,
author 		= {Luizao, F. J. and Nobre, C. A. and Manzi, A. O.},
title		  = {Projeto LBA: Estudando as Complexas Intera{\c c}\~oes da Biosfera com a Atmosfera na Amaz\^onia},
journal 	= {ACTA Amaz\^onica},
year 			= {2005},
volume 		= {35},
number 		= {1-2},
pages 		= {109--110}
}


@MISC{kugiumtzis/95,
author 		= {Kugiumtzis, D. and Lillekjendlie, B. and Christophersen, N.},
title     = {Chaotic time series. Part I: Estimation of some invariant properties in state space},
year      = {1995},
note      = {},
address   = {University of Oslo},
publisher = {},
}


@MISC{tiong/93,
  author = {Tiong, M. L. B.},
  title = {Estimating the attractor dimension of the equatorial weather system},
  url = {http://www.citebase.org/cgi-bin/citations?id=oai:arXiv.org:chao-dyn/9510015},
  year = {1995}
}

@THESIS{edtese/99,
  address = {Rio de Janeiro},
  author = {Santos, E. O.}, 
  pages = {74},
  school = {Universidade Federal do Rio de Janeiro (UFRJ)},
  title = {Contribui{\c c}\~ao ao estudo do fluxo de di\'oxido de carbono dentro da floresta amaz\^onica},
  type = {Disserta{\c c}\~ao (Mestrado em Engenharia Mec\^anica)},
  year = {1999},
}


@THESIS{pacheco/01,
  address = {S{\~a}o Jos{\'e} dos Campos},
  author = {Pach\^eco, V. B.}, 
  pages = {109},
  school = {Instituto Nacional de Pesquisas Espaciais (INPE)},
  title = {Algumas caracter\'isticas do acoplamentos
entre o escoamento acima e abaixo da copa da floresta
amaz\^onica em Rond\^onia.},
  type = {Disserta{\c c}\~ao (Mestrado em Meteorologia)},
  year = {2001},
}

@THESIS{bolzan/00,
  address = {S{\~a}o Jos{\'e} dos Campos},
  author = {Bolzan, M. J. A.}, 
  note = {(INPE-10394-TDI/920)},
  pages = {2002. 164},
  school = {Instituto Nacional de Pesquisas Espaciais (INPE)},
  title = {Um estudo sobre caracter\'isticas do subdom\'inio inercial da turbul\^encia desenvolvida em escoamento acima e dentro da copa da Floresta Amaz\^onica de terra firme e acima do Pantanal Matogrossense},
  type = {Tese (Doutorado em Meteorologia)},
  year = {2004},
  url = {http://urlib.net/sid.inpe.br/MTC-m13@80/2005/08.05.15.25},
  urlaccessdate = {2006}, 
}


@THESIS{thieltese/04,
  address = {Potsdam},
  author = {Thiel, M.}, 
  pages = {131},
  school = {University of Potsdam},
  title = {Recurrences},
  subtitle = {exploiting naturally occurring analogues},
  type = {Thesis (PhD)},
  year = {2004},
}


@ARTICLE{Ramos/04,
author 		= {Ramos, F. M. and Bolzan, M. J. A. and Sá, L. D. A. and Rosa, R. R.},
title		  = {Atmospheric turbulence within and above an Amazon forest},
journal		= {Physica D},
year 			= {2004},
volume 		= {193},
pages 	  = {278-291},
}

@ARTICLE{nicolis/84,
author 		= {Nicolis, C. and Nicolis, G.},
title		  = {Is there a climatic attractor?},
journal 	= {Nature},
year 			= {1984},
volume 		= {311},
number    = {5986},
pages 		= {529-532},
}

@ARTICLE{oliver/02,
author 		= {Oliveira, A. P. and Krusche, N.},
title		  = {Characterization of coherent structures in the atmospheric surface layer},
journal 	= {Boundary-Layer Meteorology},
year 			= {2002},
volume 		= {110},
pages 		= {191-211},
number    = {2},
}


@ARTICLE{sreenivasan/99,
author 		= {Sreenivasan, K. R.},
title		  = {Fluid turbulence},
journal 	= {Reviews os Modern Physics},
year 			= {1999},
volume 		= {71},
number		= {2},
pages 		= {383-395},
}


@ARTICLE{lu/94,
author 		= {Lu, C. H. and Fitzjarrald, D. R.},
title		  = {Seasonal and Diurnal Variations of Coherent Structures over a Deciduous Forest},
journal 	= {Boundary-Layer Meteorology},
year 			= {1994},
volume 		= {69},
number		= {1-2},
pages 		= {43-69},
}

@ARTICLE{lor/63,
author 		= {Lorenz, E. N.},
title		  = {Deterministic Nonperiodic Flow},
journal 	= {Journal of Atmospheric Sciences},
year 			= {1963},
volume 		= {20},
number    = {2},
pages 		= {130-141},
}

@ARTICLE{jaramillo/93,
author 		= {Jaramillo, G. P. and Puente, C. E.},
title		  = {Strange Attractors in Atmospheric Boundary-Layer Turbulence},
journal 	= {Boundary-Layer Meteorology},
year 			= {1993},
volume 		= {64},
number    = {1-2},
pages 		= {175-197},
} 

@ARTICLE{ruelltak/71,
author 		= {Ruelle, D. and Takens, F.},
title		  = {On the nature of turbulence},
journal 	= {Communications in Mathmatical Physics},
year 			= {1971},
volume 		= {20},
number    = {3},
pages 		= {167-192},
} 

@ARTICLE{wolf/85,
author 		= {Wolf, A. and Swift, J. B. and Vastano, J. A.},
title 		= {Determining Lyapunov exponents from a time series},
journal 	= {Physica D},
year 			= {1985},
volume 		= {16D},
number    = {3},
pages     = {285-317},
}

@ARTICLE{grassproca/83,
author 		= {Grassberger, P. and Procaccia, I.},
title 		= {Characterization of strange attractors},
journal 	= {Physical Review Letters},
year 			= {1983},
volume 		= {50},
number 		= {5},
pages     = {346-349},
}

@ARTICLE{grass/86,
author 		= {Grassberger, P.},
title 		= {Do climatic attractors exist?},
journal 	= {Nature},
year 			= {1986},
volume 		= {323},
number 		= {6089},
pages     = {609-612},
}

@ARTICLE{provenzalesmith/92,
author 		= {Provenzale, A. and Smith, L. A. and Vio, R. and Murante, G.},
title 		= {Distinguishing between low-dimensional dynamics and randomness in measured time series},
journal 	= {Physica D},
year 			= {1992},
volume 		= {58},
number 		= {1-4},
pages     = {31-49},
}

@ARTICLE{osboproven/89,
author 		= {Osborne, A. R. and Provenzale, A.},
title		  = {Finite Correlation Dimension For Stochastic Systems With Power-Law Spectra},
journal 	= {Physica D},
year 			= {1989},
volume 		= {35},
number    = {3},
pages 		= {357-381},
} 

@ARTICLE{eckruelllyap/92,
author 		= {Eckmann, J. P. and Ruelle, D.},
title		  = {Fundamental limitations for estimating dimensions and Lyapunov exponents in dynamical systems},
journal 	= {Physica D},
year 			= {1992},
volume 		= {56},
number 		= {1-2},
pages 		= {185-187},
} 

@ARTICLE{eckrue/86,
author 		= {Eckmann, J. P. and Ruelle, D. and Ciliberto, S.},
title 		= {Lyapunov exponents from time series},
journal 	= {Physical Review A},
year 			= {1986},
volume 		= {34},
number 		= {6},
pages     = {4971-49791},
}

@ARTICLE{xin/01,
author 		= {Xin, Li. and Fei, H. and Gang, L.},
title 		= {Characteristics of Chaotic Attractors in Atmospheric Boundary-Layer Turbulence},
journal 	= {Boundary-Layer Meteorology},
year 			= {2001},
volume 		= {99},
number    = {2},
pages     = {335-345},
}

@ARTICLE{gallego/01,
author 	= {Gallego, M. C. and Garcia, J. A. and Cancillo, M. L.},
title 	= {Characterization of Atmospheric Turbulence by Dynamical Systems Techniques},
journal = {Boundary-Layer Meteorology},
year 		= {2001},
volume 	= {100},
number  = {3},
pages   = {375-392},
}

@ARTICLE{weber/95,
author 	= {Weber, R. O. and Talkner, P. and Stefanicki, G. and Arvisais, L.},
title  	= {Search for Finite Dimensional Attractors in Atmospheric Turbulence},
journal	= {Boundary-Layer Meteorology},
year 		= {1995},
volume 	= {73},
number   = {1-2},
pages    = {1-14},
}


@ARTICLE{fisch/98,
author 		= {Fisch, G. and Marengo, J. A. and Nobre, C. A.},
title		  = {Uma Revis\~ao Geral Sobre o Clima da Amaz\^onia},
journal 	= {ACTA Amaz\^onica},
year 			= {1998},
volume 		= {28},
number    = {2},
pages 		= {101-126},
}

@ARTICLE{silvadias/05,
author 		= {Dias, M. A. F. S. and Cohen, J. C. P. and Gand\'u, A. W.},
title		  = {Intera{\c c}\~oes entre nuvens, chuvas e a biosfera na Amaz\^onia},
journal 	= {ACTA Amaz\^onica},
year 			= {2005},
volume 		= {35},
number    = {2},
pages 		= {215-222},
}


@ARTICLE{sanosawada/85,
author 		= {Sano, M. and Sawada, Y.},
title		  = {Measurement of the Lyapunov Spectrum from Chaotic Time Series},
journal 	= {Physical Review Letters},
year 		  = {1985},
volume 		= {55},
number    = {10},
pages 		= {1082-1085},
}

@ARTICLE{packard/80,
author 		= {Packard, N. H. and Crutchfield, J. P. and Farmer, J. D. and Shaw, R. S.},
title		  = {Geometry From a Time Series},
journal 	= {Physical Review Letters},
year 	   	= {1980},
volume 		= {45},
pages 		= {712-716},
}

@ARTICLE{ding/93a,
author 		= {Ding, M. and Grebogi, C. and Ott, E. and Sauer, T. and York, J. A.},
title 		= {Plateau onset for correlation dimension: when does it occur?},
journal 	= {Physical Review Letters},
year 			= {1993},
volume 		= {70},
}


@ARTICLE{fraedrichandleslie/89,
author 		= {Fraedrich, K. Leslie, L. M.},
title		  = {Estimates of Cyclone Track Predictability},
journal 	= {Quarterly Journal of the Royal Meteorological Society},
year 	  	= {1989},
volume 		= {155},
number    = {485},
pages 		= {79-92},
}

@ARTICLE{goberelnino/92,
author 	= {G\"ober, M. and Herzel, H. and Graf, H.},
title		= {Dimension Analysis of El Ni\"no/Southern Oscillation Time Series},
journal = {Annales Geophysica},
year 		= {1992},
volume 	= {10},
number  = {10},
pages 	= {729-734},
}

@ARTICLE{malik/92,
author 		= {Malik, S. K. and Singh, M.},
title		  = {Chaos in Kelvin-Helmholtz instability in magnetic fluids},
journal 	= {Physics of Fluids},
year 		  = {1992},
volume 		= {4},
number    = {12},
pages 		= {2915-2922},
}

@ARTICLE{fraedrich/86,
author 		= {Fraedrich, K.},
title		  = {Estimating the Dimensions of Weather and Climatic Attractors},
journal 	= {Journal of Atmospherics Science},
year 	  	= {1986},
volume 		= {43},
number    = {5},
pages 		= {419-432},
}


@ARTICLE{fraswi/86,
author 		= {Fraser, A. M. and Swinney, H.},
title 		= {Independent coordinates for strange attractors from mutual information},
journal 	= {Physical Review A},
year 			= {1986},
volume 		= {33},
number    = {},
pages     = {1134--1140},
}


@ARTICLE{malraison/83,
author 		= {Malraison, B. and Atten, P. and Berg\'e, P. and Dubois, M.},
title 		= {Dimensions of strange attractors: an experimental determination for the chaotic regime of two convective systems},
journal 	= {Journal of Physique-Letters},
year 			= {1983},
volume 		= {44},
number    = {},
pages     = {209-211},
}


@ARTICLE{thielromano/04,
author 		= {Thiel, M. and Romano, M. C. and Kurths, J.},
title 		= {How much information is contained in a recurrence plot?},
journal 	= {Physics Letters A},
year 			= {2004},
volume 		= {330},
number    = {5},
pages     = {343-349},
}

@ARTICLE{farge/01,
author 		= {Farge, M. and Pellegrino, G. and Schneider, K.},
title		  = {Coherent Vortex Extraction in 3D Turbulent Flows Using Orthogonal Wavelets},
journal 	= {Physical Review Letters},
year 			= {2001},
volume 		= {87},
number    = {5},
pages 		= {},
note      = {article n. 054501}
} 

@ARTICLE{loratrat/91,
author 		= {Lorenz, E. N.},
title		  = {Dimension of weather and climate attractors},
journal  	= {Letters to Nature},
year 			= {1991},
volume 		= {353},
number    = {6341},
pages   	= {241-244},
} 

@ARTICLE{hentschel/83,
author 		= {Hentschel, H. G. E. and Procaccia, I.},
title		  = {The Infinite Number of Generalized Dimensions of Fractals and Strange Attractors},
journal 	= {Physica D},
year 			= {1983},
volume 		= {8},
number    = {},
pages 		= {435-444},
} 

@ARTICLE{cooleytukey/65,
author 		= {Cooley, J. and Tukey, J.},
title		  = {An algorithm for the machine calculation of complex fourier series},
journal 	= {Mathematics of Computation},
year 			= {1965},
volume 		= {19},
number    = {90},
pages 		= {297-301},
} 

@BOOK{aguirre/00,
author              = {Aguirre, L. A.},
title               = {Introdução à identificação de sistemas},
subtitle            = {técnicas lineares e não-lineares aplicadas a sistemas reais},
year                = {2000},
note                = { },
publisher           = { Editora UFMG},
address             = {Belo Horizonte},
}

@BOOK{tufillaro/92,
author              = {Tufillaro, N. and Abbott, Tyler and Reilly, J.},
title               = {An experimental approach to nonlinear dynamics and chaos},
year                = {1992},
note                = { },
publisher           = { Addison-Wesley},
address             = {New York},
}


@BOOK{ferrara/95,
author              = {Ferrara, N. F. and Prado, C. P.C.},
title               = { Caos: Uma introdu{\c c}\~ao },
year                = 1995,
note                = {402 p. },
publisher           = {Editora Edgard Bl\"ucher},
address             = { S\~ao Paulo },
}

@BOOK{ruelle/91,
author              = {Ruelle, D.},
title               = {Acaso e caos},
year                = 1993,
note                = {224 p.},
publisher           = {Editora Unesp },
address             = { S\~ao Paulo }
}

@BOOK{ruelleentrop/89,
author              = {Ruelle, D.},
title               = {Chaotic evolution and strange attractors},
year                = 1989,
note                = { },
publisher           = {Cambridge University Press },
address             = { New York }
}

@BOOK{stewart/91,
author              = {Stewart, I. },
title               = {Ser\'a que Deus joga dados? A nova Matem\'atica do caos},
year                = {1991},
note                = {296 p. },
publisher           = {Jorge Zahar Editor },
address             = {Brasil},
}


@BOOK{frisch/96,
author              = {Frisch, U. },
title               = {Turbulence},
subtitle 	    = {the legacy of {Kolmogorov, A. N.}},
year                = {1996},
note                = {296 p. },
publisher           = {Cambridge University Press },
address             = {New York},
}

@BOOK{vandyke/82,
author              = {Dyke, V.},
title               = {An Album of Fluid Motion},
year                = {1982},
note                = {176 p. },
publisher           = {Parabolic Press},
address             = {USA},
}

@BOOK{sandefur/90,
author              = {Sandefur, J. T.},
title               = {Discrete Dynamical Systems},
year                = {1990},
note                = {176 p. },
publisher           = {Oxford University Press},
OPTaddress             = {USA},
}

@BOOK{lor/96,
author              = {Lorenz, E. N.},
title               = {A ess\^encia do Caos},
year                = 1996,
note                = { },
publisher           = {Editora UnB},
address             = { Brasil },
}

@BOOK{kantz/97,
author              = {Kantz, H. and Schreiber, T.},
title               = {Nonlinear time series analysis},
year                = {1997},
note                = {296 p. },
publisher           = {Cambridge University Press},
address             = {Dresden},
}

@BOOK{moon/98,
author              = {Moon, F. C.},
title               = {Dynamics and chaos in manufacturing processes},
year                = {1998},
note                = {316 p. },
publisher           = {},
address             = {},
}

@BOOK{moon/97,
author              = {Moon, F. C.},
title               = {Chaotic vibrations},
year                = {1997},
note                = {316 p. },
publisher           = {John Wiley},
address             = {New York},
}

@BOOK{alligood/97,
author              = {Alligood, K. T. and Sauer, T. D. and York, J. A.},
title               = {Chaos},
subtitle 	          = {an introduction to dynamical systems},
year                = {1997},
note                = {602 p. },
publisher           = {Springer-Verlag},
address             = {New York},
}

@BOOK{briggs/00,
author              = {Briggs, J. and Peat, F. D.},
title               = {A Sabedoria do Caos},
year                = 2000,
note                = { },
publisher           = {Editora Campus},
address             = {Brasil},
}

@BOOK{gleick/87,
author              = {Gleick, J.},
title               = {Caos},
subtitle 	          = {a construção de uma nova ciência},
year                = 1994,
note                = { },
publisher           = {Editora Gradiva},
address             = {Lisboa},
}

@BOOK{bohr/98,
author              = {Bohr, T. and Jensen, M. H. and Paladin, G. and Vulpiani, A.},
title               = {Dynamical Systems Approach to Turbulence},
year                = 1998,
note                = { },
publisher           = {Cambrigde University Press},
address             = {USA},
}

@BOOK{boyce/99,
author              = {Boyce, W. E. and Diprima, R. C.},
title               = {Equa{\c c}\~oes diferenciais elementares e problemas de valores de contorno},
year                = 1999,
note                = { },
publisher           = {Editora LTC},
address             = {Rio de Janeiro},
}

@BOOK{sprott/03,
author              = {Sprott, J. C.},
title               = {Chaos and Time-Series Analysis},
year                = 2003,
note                = { },
publisher           = {Oxford University Press},
address             = {Rio de Janeiro},
}

@BOOK{argyris/94,
author              = {Argyris, J. and Faust, G. and Haase, M.},
title               = {An exploration of chaos},
year                = 1994,
note                = { },
publisher           = {Elsevier},
address             = {New York},
}

@BOOK{monteiro/02,
author              = {Monteiro, L. H. A.},
title               = {Sistemas din\^amicos},
year                = 2002,
note                = { },
publisher           = {Editora Livraria da F\'isica},
address             = {S\~ao Paulo},
}

@BOOK{parker/89,
author              = {Parker, T. S. and Chua, L. O.},
title               = {Practical numerical algorithms for chaotic systems},
year                = {1989},
note                = { },
publisher           = {Spring-Verlag},
address             = {New York},
}

@BOOK{gollub/98,
author              = {Baker, G. L. and Gollub, J. P.},
title               = {Chaotic dynamics},
subtitle 	          = {an introduction},
year                = {1996},
publisher           = {Cambridge University Press},
address             = {New York},
}

@BOOK{lumpano/64,
author              = {Lumley, J. L. and Panofsky, H. A.},
title               = {Structure of the atmospheric turbulence},
year                = {1964},
note                = { },
publisher           = {John Wiley \& Sons},
address             = {London},
}

@BOOK{lulandlif/59,
author              = {Landau, L. D. and Lifshitz, E. M.},
title               = {Fluid Mechanics},
year                = {1959},
note                = { },
publisher           = {Pergamon Press},
address             = {Londres},
}

@BOOK{monin/71,
 author              = {Monin, A. S. and Yaglom, A. M.},
 title               = {Statistical fluid mechanics},
 subtitle 	         = {mechanics of turbulence},
 year                = {1971},
 note                = { },
 publisher           = {Cambridge MIT Press},
 address             = {Massachussets},
}

@BOOK{arya/88,
 author              = {Arya, S. P.},
 title               = {Introduction to micrometeorology},
 year                = {1988},
 note                = { 307 p.},
 publisher           = {Academic Press},
 address             = {S\~ao Diego},
}

@INPROCEEDINGS{katul/94,
   author     = {Katul, G.G. and Albertson, J. D. and Chu, C. R. and Parlange, M. B.},
   title      = {Intermittency in atmospheric surface layer turbulence: the orthonormal wavelet representation},
   booktitle  = {Wavelets in Geophysics},
   year       = {1994},
   publisher  = {Foufoula-Georgiou, E. and Kumar, P.},
   address    = {San Diego},
   pages      = {81-105},   
}

@INCOLLECTION{tak/81,
   author    = {Takens, F.},
   title     = {Book	Dynamical Systems and Turbulence},
   booktitle = {Proceedings of a symposium held at the university of warwick},
   volume    = {898},
   year      = {1980},
   editor    = {Rand, D. A. and Young, L. S.},
   publisher = {Springer-Velag},
   address   = {Berlin},
   pages     = {366--381},   
   note      = {Lecture Notes in Mathematics}
}

@INCOLLECTION{culf/96,
  author = {Culf, A. D. and Esteves, J. L. and {MARQUES FILHO}, A. O. and Rocha, H. R.},
  title = {Radiation, temperature e humidity over forest and pasture in Amazonia},
  booktitle = {Amazonian deforestation and climate},
  publisher = {John Wiley \& Sons},
  year = {1996},
  editor = {Gash, J. H. C. and Nobre, C. A. and Roberts, J. M. and Victoria, R. L.V},
  volume = {898},
  pages = {175--192},
  address = {Chichester, West Sussex},
  note = {149 p.},
}

@MANUAL{NBR6023:2002b,
  title = {{NBR} 6023},
  organization = {Associa{\c{c}}{\~a}o Brasileira de Normas T{\'e}cnicas (ABNT)},
  address = {Rio de Janeiro},
  month = aug,
  year = {2002b},
  org-short = {ABNT},
  pages = {24},
  subtitle = {informa{\c{c}}{\~a}o e documenta{\c{c}}{\~a}o: refer{\^e}ncias: elabora{\c{c}}{\~a}o},
}
